@book{Minsky:1967:CFI:1095587,
 author = {Minsky, Marvin L.},
 title = {Computation: Finite and Infinite Machines},
 year = {1967},
 isbn = {0-13-165563-9},
 publisher = {Prentice-Hall, Inc.},
 address = {Upper Saddle River, NJ, USA},
}

@article{10.2307/1970290,
 ISSN = {0003486X},
 URL = {http://www.jstor.org/stable/1970290},
 author = {Marvin L. Minsky},
 journal = {Annals of Mathematics},
 number = {3},
 pages = {437-455},
 publisher = {Annals of Mathematics},
 title = {Recursive Unsolvability of Post's Problem of "Tag" and other Topics in Theory of Turing Machines},
 volume = {74},
 year = {1961}
}

@article{Shannon1971-SHAAUT-2,
	number = {3},
	journal = {Journal of Symbolic Logic},
	title = {A Universal Turing Machine with Two Internal States},
	publisher = {Association for Symbolic Logic},
	pages = {532--532},
	author = {Claude E. Shannon},
	volume = {36},
	year = {1971}
}

